
@online{ThorntailDoc,
  author = {Thorntail Team},
  title = {{Thorntail Documentation Version 2.2.1}},
  year = 2018,
  url = {https://docs.thorntail.io/2.2.1.Final/},
  urldate = {2010-11-25}
}

@online{ThorntailAnnouncement,
  author = {Thorntail Team},
  title = {{Thorntail Archive Announcement 1.0.0.Alpha6}},
  year = 2016,
  url = {https://thorntail.io/posts/announcement-1-0-0-alpha6/},
  urldate = {2010-11-25}
}

@online{MicrosoftMicro,
  author = {Microsoft},
  title = {{Microservices Architecture Style}},
  year = 2018,
  url = {https://docs.microsoft.com/en-us/azure/architecture/guide/architecture-styles/microservices},
  urldate = {2010-11-25}
}

@online{MicroArticle,
  author = {Anton Kharenko},
  title = {{Monolithic vs. Microservices Architecture}},
  year = 2015,
  url = {https://articles.microservices.com/monolithic-vs-microservices-architecture-5c4848858f59},
  urldate = {2010-11-25}
}

@online{MonolithArch,
  author = {Chris Richardson},
  title = {{Monolithic Architecture}},
  year = unknown,
  url = {https://microservices.io/patterns/monolithic.html},
  urldate = {2010-11-26}
}

@online{ThorntailFraction,
  author = {Thorntail Team},
  title = {{Thorntail Documentation Version 2.2.1}},
  year = 2018,
  url = {https://docs.thorntail.io/2.2.1.Final/#fractions_thorntail},
  urldate = {2010-11-26}
}

@online{ThorntailPacking,
  author = {Thorntail Team},
  title = {{Thorntail Documentation Version 2.2.1}},
  year = 2018,
  url = {https://docs.thorntail.io/2.2.1.Final/#packaging-types_thorntail},
  urldate = {2010-11-26}
}

@online{H2Doc,
  author = {H2 Development Team},
  title = {{H2 Tutorial}},
  year = unknown,
  url = {http://www.h2database.com/html/tutorial.html },
  urldate = {2010-11-26}
}

@online{MicroArch,
  author = {Chris Richardson},
  title = {{Microservice Architecture}},
  year = unknown,
  url = {https://microservices.io/patterns/microservices.html},
  urldate = {2010-11-26}
}

@online{ApacheJPA,
  author = {Apache},
  title = {{JPA Concepts}},
  year = unknown,
  url = {http://tomee.apache.org/jpa-concepts.html },
  urldate = {2010-11-27}
}

@online{JPATutorial,
  author = {Tutorialspoint},
  title = {{JPA Tutorial}},
  year = unknown,
  url = {https://www.tutorialspoint.com/jpa/},
  urldate = {2010-11-27}
}

@online{Thorntaillogging,
  author = {Thorntail Team},
  title = {{Thorntail Documentation Version 2.2.1}},
  year = 2018,
  url = {https://docs.thorntail.io/2.2.1.Final/#_logging},
  urldate = {2010-11-27}
}

@online{ThorntailTracing,
  author = {Thorntail Team},
  title = {{Thorntail Documentation Version 2.2.1}},
  year = 2018,
  url = {https://docs.thorntail.io/2.2.1.Final/#distributed-tracing_thorntail},
  urldate = {2010-11-27}
}

@online{ThorntailMetrics,
  author = {Thorntail Team},
  title = {{Thorntail Documentation Version 2.2.1}},
  year = 2018,
  url = {https://docs.thorntail.io/2.2.1.Final/#metrics_thorntail},
  urldate = {2010-11-27}
}